<?xml version="1.0" encoding="UTF-8"?>
<Document xmlns="urn:iso:std:iso:20022:tech:xsd:pain.008.003.02" xmlns:xsi="http://www.w3.org/2001/XMLSchema-instance" xsi:schemaLocation="urn:iso:std:iso:20022:tech:xsd:pain.008.003.02 pain.008.003.02.xsd">
  <CstmrDrctDbtInitn>
    <GrpHdr>
      <MsgId>1434018161</MsgId>
      <CreDtTm>2015-06-11T12:22:41+02:00</CreDtTm>
      <NbOfTxs>1</NbOfTxs>
      <CtrlSum>1.12</CtrlSum>
      <InitgPty>
        <Nm>Max Musterman</Nm>
      </InitgPty>
    </GrpHdr>
    <PmtInf>
      <PmtInfId>1434018161/1</PmtInfId>
      <PmtMtd>DD</PmtMtd>
      <BtchBookg>true</BtchBookg>
      <NbOfTxs>1</NbOfTxs>
      <CtrlSum>1.12</CtrlSum>
      <PmtTpInf>
        <SvcLvl>
          <Cd>SEPA</Cd>
        </SvcLvl>
        <LclInstrm>
          <Cd>B2B</Cd>
        </LclInstrm>
        <SeqTp>RCUR</SeqTp>
      </PmtTpInf>
      <ReqdColltnDt>2015-06-15</ReqdColltnDt>
      <Cdtr>
        <Nm>Max Mustermann</Nm>
      </Cdtr>
      <CdtrAcct>
        <Id>
          <IBAN>DE89370400440532013000</IBAN>
        </Id>
      </CdtrAcct>
      <CdtrAgt>
        <FinInstnId>
          <BIC>COBADEFFXXX</BIC>
        </FinInstnId>
      </CdtrAgt>
      <ChrgBr>SLEV</ChrgBr>
      <CdtrSchmeId>
        <Id>
          <PrvtId>
            <Othr>
              <Id>DE98ZZZ09999999999</Id>
              <SchmeNm>
                <Prtry>SEPA</Prtry>
              </SchmeNm>
            </Othr>
          </PrvtId>
        </Id>
      </CdtrSchmeId>
      <DrctDbtTxInf>
        <PmtId>
          <EndToEndId>86</EndToEndId>
        </PmtId>
        <InstdAmt Ccy="EUR">1.12</InstdAmt>
        <DrctDbtTx>
          <MndtRltdInf>
            <MndtId>M123123</MndtId>
            <DtOfSgntr>2015-06-01</DtOfSgntr>
          </MndtRltdInf>
        </DrctDbtTx>
        <DbtrAgt>
          <FinInstnId>
            <BIC>BKAUATWW</BIC>
          </FinInstnId>
        </DbtrAgt>
        <Dbtr>
          <Nm>Maria Musterfrau</Nm>
        </Dbtr>
        <DbtrAcct>
          <Id>
            <IBAN>AT611904300234573201</IBAN>
          </Id>
        </DbtrAcct>
        <RmtInf>
          <Ustrd>Purpose</Ustrd>
        </RmtInf>
      </DrctDbtTxInf>
    </PmtInf>
  </CstmrDrctDbtInitn>
</Document>
