<?xml version="1.0"?>
<Document xmlns="http://www.six-interbank-clearing.com/de/pain.008.001.02.ch.03.xsd" xmlns:xsi="http://www.w3.org/2001/XMLSchema-instance" xsi:schemaLocation="http://www.six-interbank-clearing.com/de/pain.008.001.02.ch.03.xsd pain.008.001.02.ch.03.xsd">
  <CstmrDrctDbtInitn>
    <GrpHdr>
      <MsgId>SPS-KING/c1e3bcc1a22c941e6c631b</MsgId>
      <CreDtTm>2024-06-20T17:43:31+02:00</CreDtTm>
      <NbOfTxs>1</NbOfTxs>
      <CtrlSum>39.99</CtrlSum>
      <InitgPty>
        <Nm>Glaubiger GmbH</Nm>
        <Id>
          <OrgId>
            <Othr>
              <Id>ABC1W</Id>
            </Othr>
          </OrgId>
        </Id>
      </InitgPty>
    </GrpHdr>
    <PmtInf>
      <PmtInfId>SPS-KING/c1e3bcc1a22c941e6c631b/1</PmtInfId>
      <PmtMtd>DD</PmtMtd>
      <PmtTpInf>
        <SvcLvl>
          <Prtry>CHTA</Prtry>
        </SvcLvl>
        <LclInstrm>
          <Prtry>LSV+</Prtry>
        </LclInstrm>
      </PmtTpInf>
      <ReqdColltnDt>1999-01-01</ReqdColltnDt>
      <Cdtr>
        <Nm>Glaubiger GmbH</Nm>
      </Cdtr>
      <CdtrAcct>
        <Id>
          <IBAN>CH7081232000001998736</IBAN>
        </Id>
      </CdtrAcct>
      <CdtrAgt>
        <FinInstnId>
          <ClrSysMmbId>
            <MmbId>81232</MmbId>
          </ClrSysMmbId>
          <Othr>
            <Id>010001456</Id>
          </Othr>
        </FinInstnId>
      </CdtrAgt>
      <CdtrSchmeId>
        <Id>
          <PrvtId>
            <Othr>
              <Id>ABC1W</Id>
              <SchmeNm>
                <Prtry>CHLS</Prtry>
              </SchmeNm>
            </Othr>
          </PrvtId>
        </Id>
      </CdtrSchmeId>
      <DrctDbtTxInf>
        <PmtId>
          <InstrId>12345</InstrId>
          <EndToEndId>XYZ/2013-08-ABO/6789</EndToEndId>
        </PmtId>
        <InstdAmt Ccy="CHF">39.99</InstdAmt>
        <DbtrAgt>
          <FinInstnId>
            <ClrSysMmbId>
              <MmbId>4835</MmbId>
            </ClrSysMmbId>
          </FinInstnId>
        </DbtrAgt>
        <Dbtr>
          <Nm>Zahlemann Soehne GbR</Nm>
          <PstlAdr>
            <StrtNm>Mustergasse</StrtNm>
            <PstCd>1234</PstCd>
            <TwnNm>Musterstadt</TwnNm>
            <Ctry>CH</Ctry>
          </PstlAdr>
        </Dbtr>
        <DbtrAcct>
          <Id>
            <IBAN>CH9804835011062385295</IBAN>
          </Id>
        </DbtrAcct>
        <RmtInf>
          <Strd>
            <CdtrRefInf>
              <Tp>
                <CdOrPrtry>
                  <Prtry>ESR</Prtry>
                </CdOrPrtry>
              </Tp>
              <Ref>609323234234234353453423423</Ref>
            </CdtrRefInf>
          </Strd>
        </RmtInf>
      </DrctDbtTxInf>
    </PmtInf>
  </CstmrDrctDbtInitn>
</Document>
