<?xml version='1.0' encoding='utf-8'?>
<Document xmlns="urn:iso:std:iso:20022:tech:xsd:pain.008.003.02">
  <CstmrDrctDbtInitn>
    <GrpHdr>
      <MsgId>3BUCAQDZPOQEYFB4</MsgId>
      <CreDtTm>2014-10-07T16:10:25Z</CreDtTm>
      <NbOfTxs>1</NbOfTxs>
      <CtrlSum>10.00</CtrlSum>
      <InitgPty>
        <Nm>Max Mustermann</Nm>
      </InitgPty>
    </GrpHdr>
    <PmtInf>
      <PmtInfId>3BUCAQDZPOQEYFB4-FRJ5-CORE-FRST</PmtInfId>
      <PmtMtd>DD</PmtMtd>
      <BtchBookg>true</BtchBookg>
      <NbOfTxs>1</NbOfTxs>
      <CtrlSum>10.00</CtrlSum>
      <PmtTpInf>
        <SvcLvl>
          <Cd>SEPA</Cd>
        </SvcLvl>
        <LclInstrm>
          <Cd>CORE</Cd>
        </LclInstrm>
        <SeqTp>FRST</SeqTp>
      </PmtTpInf>
      <ReqdColltnDt>2014-10-15</ReqdColltnDt>
      <Cdtr>
        <Nm>Max Mustermann</Nm>
      </Cdtr>
      <CdtrAcct>
        <Id>
          <IBAN>DE89370400440532013000</IBAN>
        </Id>
      </CdtrAcct>
      <CdtrAgt>
        <FinInstnId>
          <BIC>COBADEFFXXX</BIC>
        </FinInstnId>
      </CdtrAgt>
      <ChrgBr>SLEV</ChrgBr>
      <CdtrSchmeId>
        <Id>
          <PrvtId>
            <Othr>
              <Id>DE98ZZZ09999999999</Id>
              <SchmeNm>
                <Prtry>SEPA</Prtry>
              </SchmeNm>
            </Othr>
          </PrvtId>
        </Id>
      </CdtrSchmeId>
      <DrctDbtTxInf>
        <PmtId>
          <InstrId>95853B700796473D88F1009A40B4DC18</InstrId>
          <EndToEndId>NOTPROVIDED</EndToEndId>
        </PmtId>
        <InstdAmt Ccy="EUR">10.00</InstdAmt>
        <DrctDbtTx>
          <MndtRltdInf>
            <MndtId>M00123456</MndtId>
            <DtOfSgntr>2014-02-01</DtOfSgntr>
            <AmdmntInd>false</AmdmntInd>
          </MndtRltdInf>
        </DrctDbtTx>
        <DbtrAgt>
          <FinInstnId>
            <BIC>BKAUATWW</BIC>
          </FinInstnId>
        </DbtrAgt>
        <Dbtr>
          <Nm>Maria Musterfrau</Nm>
        </Dbtr>
        <DbtrAcct>
          <Id>
            <IBAN>AT611904300234573201</IBAN>
          </Id>
        </DbtrAcct>
        <RmtInf>
          <Ustrd>Purpose</Ustrd>
        </RmtInf>
      </DrctDbtTxInf>
    </PmtInf>
  </CstmrDrctDbtInitn>
</Document>
